<record><leader>00000cas a2200000 a 4500</leader><controlfield tag="001">12146175</controlfield><controlfield tag="008">850612d19161918ksuwr ne      0    0eng d</controlfield><datafield ind1=" " ind2=" " tag="010"><subfield code="a">sn 85030452 </subfield></datafield><datafield ind1=" " ind2=" " tag="040"><subfield code="a">KSH</subfield><subfield code="b">eng</subfield><subfield code="c">KSH</subfield><subfield code="d">NPT</subfield><subfield code="d">OCL</subfield><subfield code="d">OCLCQ</subfield></datafield><datafield ind1=" " ind2=" " tag="042"><subfield code="a">msc</subfield></datafield><datafield ind1="0" ind2=" " tag="130"><subfield code="a">Weekly guard (Council Grove, Kan. : 1916)</subfield></datafield><datafield ind1="1" ind2="4" tag="245"><subfield code="a">The weekly guard.</subfield></datafield><datafield ind1=" " ind2=" " tag="260"><subfield code="a">Council Grove, Kan. :</subfield><subfield code="b">M.F. Amrine,</subfield><subfield code="c">1916-1918.</subfield></datafield><datafield ind1=" " ind2=" " tag="300"><subfield code="a">2 v. :</subfield><subfield code="b">ill. ;</subfield><subfield code="c">58 cm.</subfield></datafield><datafield ind1=" " ind2=" " tag="310"><subfield code="a">Weekly</subfield></datafield><datafield ind1="0" ind2=" " tag="362"><subfield code="a">Vol. 33, no. 52 (June 30, 1916)-v. 35, no. 38 (Mar. 28, 1918).</subfield></datafield><datafield ind1=" " ind2=" " tag="580"><subfield code="a">Issued also in a daily edition called: Daily guard.</subfield></datafield><datafield ind1=" " ind2=" " tag="752"><subfield code="a">United States</subfield><subfield code="b">Kansas</subfield><subfield code="c">Morris</subfield><subfield code="d">Council Grove.</subfield></datafield><datafield ind1="1" ind2=" " tag="775"><subfield code="t">Daily guard</subfield><subfield code="w">(DLC)sn 85030479</subfield></datafield><datafield ind1="0" ind2="0" tag="780"><subfield code="t">Council Grove guard (Council Grove, Kan. : 1903)</subfield><subfield code="w">(DLC)sn 85030451</subfield></datafield><datafield ind1="0" ind2="7" tag="785"><subfield code="t">Dwight signal</subfield><subfield code="w">(DLC)sn 85030487</subfield></datafield><datafield ind1="0" ind2="7" tag="785"><subfield code="t">Weekly guard and Dwight signal</subfield><subfield code="w">(DLC)sn 85030464</subfield></datafield></record>